@article{ecpe_no-antiport,
 author = {Juayong, R. A. B., et. al.},
	title = {On the Simulations of Evolution-Communication P Systems with Energy without Antiport Rules for GPUs},
    journal = {10th Brainstorming Week on Membrane Computing Proceeding},
    year = {2012},
    pages = {267-289},
    keywords = {Membrane computing, Parallel computing, GPU computing}
}

@article{p-system_string,
	author = {Veaceslav Macari, et.al},
    title = {Simulator of P-Systems with String Replication
Developed in Framework of P-Lingua 2.1∗},
	journal = {Computer Science Journal of Moldova},
    volume = {18 no.2(53)},
    year = {2010},
    keywords = {P-system, string object, string replication rule, simulator, P-Lingua}
}

@article{p-lingua,
	author = {Díaz-Pernil, D., Pérez-Hurtado, I., Pérez-Jiménez, M. J., & Riscos-Núñez, A.},
    title = { A P-lingua programming environment for membrane computing},
    journal = {Membrane Computing},
    year = {2009},
    pages = {187-203},
    publisher = {Springer Berlin Heidelberg}
}

@article{plingua2.0,
	author = {García-Quismondo, M., Gutiérrez-Escudero, R., Pérez-Hurtado, I., Pérez-Jiménez, M. J., & Riscos-Núñez, A.},
    title = {An overview of P-Lingua 2.0.},
 	journal = {Membrane Computing},
    year = {2010},
    pages = {264-288},
    publisher = {Springer Berlin Heidelberg}   
}

@article{p-system,
 author = {P\u{a}un, Gheorge},
 title = {Introduction to Membrane Computing},
 journal = {Springer},
 year = {2006},
 keywords = {Membrane Computing, P Systems, ECPe}
} 

@conference{psystem-website,
 title = {The P System Website},
 url = {www.ppage.psystems.eu.},
 keywords = {Membrane Computing, P Systems, ECPe}
}

@article{active-mem,
	title = {P Systems with Active Membranes and Separation Rules.},
    author = {Pan, Linqiang., Ishdorj, Tseren-Onolt.},
    journal = {J.UCS}
    volume = {10.5}
    year = {2004},
    pages = {630-649}
}

